<?xml version="1.0" encoding="UTF-8"?><collection xmlns="http://www.loc.gov/MARC21/slim"><record><leader>00485nam--2200181-i-4500</leader><controlfield tag="001">000038101</controlfield><controlfield tag="002">20161230</controlfield><controlfield tag="005">20161230201041</controlfield><controlfield tag="008">060222s1000------------r-----000-0-ger-d</controlfield><datafield ind1=" " ind2=" " tag="040"><subfield code="a">IFIN-HH</subfield></datafield><datafield ind1=" " ind2=" " tag="041"><subfield code="a">ger</subfield></datafield><datafield ind1=" " ind2=" " tag="080"><subfield code="a">534:621.373.5</subfield></datafield><datafield ind1="1" ind2=" " tag="100"><subfield code="a">Reichardt, W</subfield></datafield><datafield ind1="1" ind2="0" tag="245"><subfield code="a">Grundlagen der elektroakustik. mit 429 bildern</subfield><subfield code="c">W. reichardt</subfield></datafield><datafield ind1=" " ind2=" " tag="260"><subfield code="a">Leipzig, Akademische Verlagsgesellschaft, 1960,</subfield></datafield><datafield ind1=" " ind2=" " tag="300"><subfield code="a">VII + 651P</subfield></datafield><datafield ind1=" " ind2=" " tag="852"><subfield code="a">75990</subfield><subfield code="c">534</subfield></datafield><datafield ind1=" " ind2=" " tag="CAT"><subfield code="a">Sys</subfield><subfield code="c">20101013</subfield><subfield code="h">104049</subfield></datafield></record></collection>